<?xml version="1.0" encoding="UTF-8"?><collection xmlns="http://www.loc.gov/MARC21/slim"><record><leader>00437nam--2200145-i-4500</leader><controlfield tag="001">000001727</controlfield><controlfield tag="002">20161230</controlfield><controlfield tag="005">20170127203954</controlfield><controlfield tag="008">060222s1000------------r-----000-0-eng-d</controlfield><datafield ind1=" " ind2=" " tag="245"><subfield code="a">Science policy and organisation of research in Norway</subfield></datafield><datafield ind1=" " ind2=" " tag="260"><subfield code="a">Paris</subfield><subfield code="b">Unesco</subfield><subfield code="c">1966</subfield></datafield><datafield ind1=" " ind2=" " tag="300"><subfield code="a">100 p</subfield></datafield><datafield ind1=" " ind2=" " tag="490"><subfield code="a">Etudes Et Documents De Politique Scientifique. Science Policy Studies And Documents</subfield></datafield><datafield ind1=" " ind2=" " tag="852"><subfield code="a">21290</subfield></datafield><datafield ind1=" " ind2=" " tag="CAT"><subfield code="a">SYS</subfield><subfield code="c">20170127</subfield><subfield code="h">203954</subfield></datafield></record></collection>